timestamp,price,quantity,side,is_market_maker
1600000001,98.87,1.0,buy,true
1600000002,99.62,1.0,buy,true
1600000003,99.49,1.0,buy,true
1600000004,99.57,1.0,buy,true
1600000005,100.87,1.0,buy,true
1600000006,101.92,1.0,buy,true
1600000007,100.8,1.0,buy,true
1600000008,101.41,1.0,buy,true
1600000009,100.59,1.0,buy,true
1600000010,99.11,1.0,buy,true
1600000011,98.38,1.0,buy,true
1600000012,97.37,1.0,buy,true
1600000013,97.29,1.0,buy,true
1600000014,96.67,1.0,buy,true
1600000015,95.99,1.0,buy,true
1600000016,95.31,1.0,buy,true
1600000017,93.7,1.0,buy,true
1600000018,94.63,1.0,buy,true
1600000019,94.98,1.0,buy,true
1600000020,93.07,1.0,buy,true
1600000021,92.98,1.0,buy,true
1600000022,93.84,1.0,buy,true
1600000023,92.13,1.0,buy,true
1600000024,92.08,1.0,buy,true
1600000025,93.88,1.0,buy,true
1600000026,95.66,1.0,buy,true
1600000027,97.42,1.0,buy,true
1600000028,95.58,1.0,buy,true
1600000029,97.46,1.0,buy,true
1600000030,96.67,1.0,buy,true
1600000031,98.07,1.0,buy,true
1600000032,97.73,1.0,buy,true
1600000033,99.07,1.0,buy,true
1600000034,98.93,1.0,buy,true
1600000035,97.93,1.0,buy,true
1600000036,97.78,1.0,buy,true
1600000037,99.43,1.0,buy,true
1600000038,100.56,1.0,buy,true
1600000039,100.53,1.0,buy,true
1600000040,99.38,1.0,buy,true
1600000041,99.9,1.0,buy,true
1600000042,101.56,1.0,buy,true
1600000043,101.82,1.0,buy,true
1600000044,100.83,1.0,buy,true
1600000045,100.1,1.0,buy,true
1600000046,98.63,1.0,buy,true
1600000047,99.78,1.0,buy,true
1600000048,98.26,1.0,buy,true
1600000049,97.47,1.0,buy,true
1600000050,96.72,1.0,buy,true
1600000051,94.83,1.0,buy,true
1600000052,94.86,1.0,buy,true
1600000053,93.74,1.0,buy,true
1600000054,94.67,1.0,buy,true
1600000055,96.57,1.0,buy,true
1600000056,95.93,1.0,buy,true
1600000057,97.76,1.0,buy,true
1600000058,98.94,1.0,buy,true
1600000059,100.51,1.0,buy,true
1600000060,99.66,1.0,buy,true
1600000061,98.03,1.0,buy,true
1600000062,99.79,1.0,buy,true
1600000063,100.38,1.0,buy,true
1600000064,100.17,1.0,buy,true
1600000065,101.97,1.0,buy,true
1600000066,102.08,1.0,buy,true
1600000067,101.44,1.0,buy,true
1600000068,99.55,1.0,buy,true
1600000069,98.33,1.0,buy,true
1600000070,98.56,1.0,buy,true
1600000071,97.85,1.0,buy,true
1600000072,96.3,1.0,buy,true
1600000073,95.93,1.0,buy,true
1600000074,94.06,1.0,buy,true
1600000075,94.91,1.0,buy,true
1600000076,94.07,1.0,buy,true
1600000077,93.32,1.0,buy,true
1600000078,92.4,1.0,buy,true
1600000079,92.42,1.0,buy,true
1600000080,92.51,1.0,buy,true
1600000081,93.08,1.0,buy,true
1600000082,92.1,1.0,buy,true
1600000083,90.38,1.0,buy,true
1600000084,91.28,1.0,buy,true
1600000085,90.44,1.0,buy,true
1600000086,92.02,1.0,buy,true
1600000087,91.51,1.0,buy,true
1600000088,90.18,1.0,buy,true
1600000089,91.03,1.0,buy,true
1600000090,91.46,1.0,buy,true
1600000091,93.07,1.0,buy,true
1600000092,91.09,1.0,buy,true
1600000093,91.56,1.0,buy,true
1600000094,90.53,1.0,buy,true
1600000095,90.91,1.0,buy,true
1600000096,92.17,1.0,buy,true
1600000097,90.43,1.0,buy,true
1600000098,90.85,1.0,buy,true
1600000099,90.08,1.0,buy,true
1600000100,88.23,1.0,buy,true
1600000101,90.03,1.0,buy,true
1600000102,88.43,1.0,buy,true
1600000103,89.35,1.0,buy,true
1600000104,87.93,1.0,buy,true
1600000105,86.32,1.0,buy,true
1600000106,87.51,1.0,buy,true
1600000107,85.77,1.0,buy,true
1600000108,84.67,1.0,buy,true
1600000109,83.02,1.0,buy,true
1600000110,84.74,1.0,buy,true
1600000111,85.12,1.0,buy,true
1600000112,85.68,1.0,buy,true
1600000113,87.33,1.0,buy,true
1600000114,85.96,1.0,buy,true
1600000115,87.68,1.0,buy,true
1600000116,86.63,1.0,buy,true
1600000117,88.35,1.0,buy,true
1600000118,89.2,1.0,buy,true
1600000119,88.74,1.0,buy,true
1600000120,87.84,1.0,buy,true
1600000121,86.43,1.0,buy,true
1600000122,86.96,1.0,buy,true
1600000123,86.38,1.0,buy,true
1600000124,87.48,1.0,buy,true
1600000125,89.08,1.0,buy,true
1600000126,87.61,1.0,buy,true
1600000127,87.96,1.0,buy,true
1600000128,86.41,1.0,buy,true
1600000129,86.09,1.0,buy,true
1600000130,86.14,1.0,buy,true
1600000131,85.01,1.0,buy,true
1600000132,85.69,1.0,buy,true
1600000133,84.62,1.0,buy,true
1600000134,85.05,1.0,buy,true
1600000135,86.38,1.0,buy,true
1600000136,84.91,1.0,buy,true
1600000137,83.87,1.0,buy,true
1600000138,84.82,1.0,buy,true
1600000139,86.44,1.0,buy,true
1600000140,85.97,1.0,buy,true
1600000141,85.45,1.0,buy,true
1600000142,84.71,1.0,buy,true
1600000143,83.67,1.0,buy,true
1600000144,84.59,1.0,buy,true
1600000145,85.84,1.0,buy,true
1600000146,86.84,1.0,buy,true
1600000147,87.62,1.0,buy,true
1600000148,86.86,1.0,buy,true
1600000149,88.65,1.0,buy,true
1600000150,87.08,1.0,buy,true
1600000151,85.61,1.0,buy,true
1600000152,84.84,1.0,buy,true
1600000153,84.59,1.0,buy,true
1600000154,84.86,1.0,buy,true
1600000155,84.54,1.0,buy,true
1600000156,84.31,1.0,buy,true
1600000157,85.14,1.0,buy,true
1600000158,86.41,1.0,buy,true
1600000159,85.67,1.0,buy,true
1600000160,84.85,1.0,buy,true
1600000161,84.15,1.0,buy,true
1600000162,85.19,1.0,buy,true
1600000163,85.76,1.0,buy,true
1600000164,86.1,1.0,buy,true
1600000165,86.29,1.0,buy,true
1600000166,85.67,1.0,buy,true
1600000167,86.65,1.0,buy,true
1600000168,87.67,1.0,buy,true
1600000169,88.9,1.0,buy,true
1600000170,88.03,1.0,buy,true
1600000171,87.59,1.0,buy,true
1600000172,88.66,1.0,buy,true
1600000173,87.66,1.0,buy,true
1600000174,86.91,1.0,buy,true
1600000175,87.88,1.0,buy,true
1600000176,85.95,1.0,buy,true
1600000177,85.84,1.0,buy,true
1600000178,85.95,1.0,buy,true
1600000179,86.99,1.0,buy,true
1600000180,86.57,1.0,buy,true
1600000181,87.85,1.0,buy,true
1600000182,87.48,1.0,buy,true
1600000183,87.55,1.0,buy,true
1600000184,88.14,1.0,buy,true
1600000185,88.23,1.0,buy,true
1600000186,86.9,1.0,buy,true
1600000187,87.13,1.0,buy,true
1600000188,87.5,1.0,buy,true
1600000189,86.96,1.0,buy,true
1600000190,87.98,1.0,buy,true
1600000191,87.87,1.0,buy,true
1600000192,86.74,1.0,buy,true
1600000193,85.09,1.0,buy,true
1600000194,85.12,1.0,buy,true
1600000195,85.21,1.0,buy,true
1600000196,83.88,1.0,buy,true
1600000197,84.27,1.0,buy,true
1600000198,84.6,1.0,buy,true
1600000199,85.4,1.0,buy,true
1600000200,86.43,1.0,buy,true
1600000201,87.99,1.0,buy,true
1600000202,89.88,1.0,buy,true
1600000203,91.8,1.0,buy,true
1600000204,90.1,1.0,buy,true
1600000205,90.42,1.0,buy,true
1600000206,88.51,1.0,buy,true
1600000207,87.19,1.0,buy,true
1600000208,85.2,1.0,buy,true
1600000209,84.01,1.0,buy,true
1600000210,82.77,1.0,buy,true
1600000211,84.25,1.0,buy,true
1600000212,85.71,1.0,buy,true
1600000213,84.91,1.0,buy,true
1600000214,83.37,1.0,buy,true
1600000215,84.42,1.0,buy,true
1600000216,83.22,1.0,buy,true
1600000217,82.39,1.0,buy,true
1600000218,83.35,1.0,buy,true
1600000219,83.44,1.0,buy,true
1600000220,85.37,1.0,buy,true
1600000221,85.34,1.0,buy,true
1600000222,86.15,1.0,buy,true
1600000223,85.17,1.0,buy,true
1600000224,85.43,1.0,buy,true
1600000225,86.32,1.0,buy,true
1600000226,84.47,1.0,buy,true
1600000227,82.49,1.0,buy,true
1600000228,81.82,1.0,buy,true
1600000229,83.18,1.0,buy,true
1600000230,82.05,1.0,buy,true
1600000231,83.18,1.0,buy,true
1600000232,84.22,1.0,buy,true
1600000233,83.34,1.0,buy,true
1600000234,84.19,1.0,buy,true
1600000235,82.3,1.0,buy,true
1600000236,82.2,1.0,buy,true
1600000237,80.81,1.0,buy,true
1600000238,81.36,1.0,buy,true
1600000239,82.59,1.0,buy,true
1600000240,82.73,1.0,buy,true
1600000241,83.88,1.0,buy,true
1600000242,82.51,1.0,buy,true
1600000243,83.26,1.0,buy,true
1600000244,83.51,1.0,buy,true
1600000245,83.19,1.0,buy,true
1600000246,83.5,1.0,buy,true
1600000247,83.03,1.0,buy,true
1600000248,82.34,1.0,buy,true
1600000249,80.9,1.0,buy,true
1600000250,82.63,1.0,buy,true
1600000251,80.72,1.0,buy,true
1600000252,79.41,1.0,buy,true
1600000253,77.53,1.0,buy,true
1600000254,76.67,1.0,buy,true
1600000255,76.18,1.0,buy,true
1600000256,76.6,1.0,buy,true
1600000257,76.42,1.0,buy,true
1600000258,77.66,1.0,buy,true
1600000259,79.18,1.0,buy,true
1600000260,80.12,1.0,buy,true
1600000261,79.23,1.0,buy,true
1600000262,78.95,1.0,buy,true
1600000263,80.48,1.0,buy,true
1600000264,79.35,1.0,buy,true
1600000265,80.25,1.0,buy,true
1600000266,81.38,1.0,buy,true
1600000267,80.3,1.0,buy,true
1600000268,78.83,1.0,buy,true
1600000269,77.91,1.0,buy,true
1600000270,76.87,1.0,buy,true
1600000271,78.01,1.0,buy,true
1600000272,78.23,1.0,buy,true
1600000273,78.25,1.0,buy,true
1600000274,76.96,1.0,buy,true
1600000275,78.22,1.0,buy,true
1600000276,77.12,1.0,buy,true
1600000277,75.48,1.0,buy,true
1600000278,74.93,1.0,buy,true
1600000279,73.86,1.0,buy,true
1600000280,72.45,1.0,buy,true
1600000281,70.8,1.0,buy,true
1600000282,69.34,1.0,buy,true
1600000283,68.83,1.0,buy,true
1600000284,67.32,1.0,buy,true
1600000285,68.55,1.0,buy,true
1600000286,68.64,1.0,buy,true
1600000287,68.0,1.0,buy,true
1600000288,68.79,1.0,buy,true
1600000289,66.92,1.0,buy,true
1600000290,68.36,1.0,buy,true
1600000291,69.45,1.0,buy,true
1600000292,70.95,1.0,buy,true
1600000293,69.67,1.0,buy,true
1600000294,69.38,1.0,buy,true
1600000295,68.53,1.0,buy,true
1600000296,66.6,1.0,buy,true
1600000297,67.67,1.0,buy,true
1600000298,67.5,1.0,buy,true
1600000299,67.25,1.0,buy,true
1600000300,66.56,1.0,buy,true
1600000301,65.73,1.0,buy,true
1600000302,65.82,1.0,buy,true
1600000303,66.31,1.0,buy,true
1600000304,65.59,1.0,buy,true
1600000305,66.8,1.0,buy,true
1600000306,65.44,1.0,buy,true
1600000307,64.94,1.0,buy,true
1600000308,63.08,1.0,buy,true
1600000309,64.54,1.0,buy,true
1600000310,63.09,1.0,buy,true
1600000311,63.39,1.0,buy,true
1600000312,62.08,1.0,buy,true
1600000313,61.27,1.0,buy,true
1600000314,62.86,1.0,buy,true
1600000315,62.17,1.0,buy,true
1600000316,63.4,1.0,buy,true
1600000317,63.1,1.0,buy,true
1600000318,63.33,1.0,buy,true
1600000319,64.99,1.0,buy,true
1600000320,66.36,1.0,buy,true
1600000321,68.09,1.0,buy,true
1600000322,68.12,1.0,buy,true
1600000323,66.13,1.0,buy,true
1600000324,66.5,1.0,buy,true
1600000325,67.44,1.0,buy,true
1600000326,66.97,1.0,buy,true
1600000327,65.8,1.0,buy,true
1600000328,65.65,1.0,buy,true
1600000329,65.19,1.0,buy,true
1600000330,65.58,1.0,buy,true
1600000331,65.84,1.0,buy,true
1600000332,65.13,1.0,buy,true
1600000333,65.59,1.0,buy,true
1600000334,67.17,1.0,buy,true
1600000335,66.78,1.0,buy,true
1600000336,68.18,1.0,buy,true
1600000337,68.58,1.0,buy,true
1600000338,67.0,1.0,buy,true
1600000339,66.0,1.0,buy,true
1600000340,64.64,1.0,buy,true
1600000341,65.31,1.0,buy,true
1600000342,64.38,1.0,buy,true
1600000343,64.2,1.0,buy,true
1600000344,64.71,1.0,buy,true
1600000345,65.56,1.0,buy,true
1600000346,63.93,1.0,buy,true
1600000347,65.03,1.0,buy,true
1600000348,66.08,1.0,buy,true
1600000349,65.46,1.0,buy,true
1600000350,65.08,1.0,buy,true
1600000351,66.92,1.0,buy,true
1600000352,66.88,1.0,buy,true
1600000353,66.24,1.0,buy,true
1600000354,65.27,1.0,buy,true
1600000355,65.57,1.0,buy,true
1600000356,64.43,1.0,buy,true
1600000357,63.0,1.0,buy,true
1600000358,63.13,1.0,buy,true
1600000359,61.5,1.0,buy,true
1600000360,62.82,1.0,buy,true
1600000361,61.12,1.0,buy,true
1600000362,59.57,1.0,buy,true
1600000363,57.63,1.0,buy,true
1600000364,56.06,1.0,buy,true
1600000365,54.29,1.0,buy,true
1600000366,52.53,1.0,buy,true
1600000367,54.16,1.0,buy,true
1600000368,56.06,1.0,buy,true
1600000369,57.11,1.0,buy,true
1600000370,57.72,1.0,buy,true
1600000371,58.39,1.0,buy,true
1600000372,58.76,1.0,buy,true
1600000373,57.03,1.0,buy,true
1600000374,55.52,1.0,buy,true
1600000375,57.29,1.0,buy,true
1600000376,58.29,1.0,buy,true
1600000377,56.32,1.0,buy,true
1600000378,56.29,1.0,buy,true
1600000379,55.11,1.0,buy,true
1600000380,54.59,1.0,buy,true
1600000381,54.95,1.0,buy,true
1600000382,55.77,1.0,buy,true
1600000383,54.39,1.0,buy,true
1600000384,55.77,1.0,buy,true
1600000385,56.78,1.0,buy,true
1600000386,57.89,1.0,buy,true
1600000387,57.07,1.0,buy,true
1600000388,57.07,1.0,buy,true
1600000389,57.45,1.0,buy,true
1600000390,59.33,1.0,buy,true
1600000391,61.29,1.0,buy,true
1600000392,60.77,1.0,buy,true
1600000393,60.89,1.0,buy,true
1600000394,59.83,1.0,buy,true
1600000395,58.67,1.0,buy,true
1600000396,60.31,1.0,buy,true
1600000397,58.71,1.0,buy,true
1600000398,58.31,1.0,buy,true
1600000399,58.13,1.0,buy,true
1600000400,59.82,1.0,buy,true
1600000401,59.44,1.0,buy,true
1600000402,57.61,1.0,buy,true
1600000403,56.37,1.0,buy,true
1600000404,56.69,1.0,buy,true
1600000405,57.72,1.0,buy,true
1600000406,59.52,1.0,buy,true
1600000407,61.21,1.0,buy,true
1600000408,60.75,1.0,buy,true
1600000409,59.96,1.0,buy,true
1600000410,61.04,1.0,buy,true
1600000411,60.36,1.0,buy,true
1600000412,61.94,1.0,buy,true
1600000413,62.69,1.0,buy,true
1600000414,64.33,1.0,buy,true
1600000415,63.78,1.0,buy,true
1600000416,63.08,1.0,buy,true
1600000417,62.39,1.0,buy,true
1600000418,61.34,1.0,buy,true
1600000419,61.35,1.0,buy,true
1600000420,60.45,1.0,buy,true
1600000421,60.64,1.0,buy,true
1600000422,59.1,1.0,buy,true
1600000423,57.67,1.0,buy,true
1600000424,57.84,1.0,buy,true
1600000425,58.01,1.0,buy,true
1600000426,57.11,1.0,buy,true
1600000427,57.53,1.0,buy,true
1600000428,58.07,1.0,buy,true
1600000429,59.39,1.0,buy,true
1600000430,58.67,1.0,buy,true
1600000431,59.41,1.0,buy,true
1600000432,57.55,1.0,buy,true
1600000433,56.6,1.0,buy,true
1600000434,55.41,1.0,buy,true
1600000435,57.03,1.0,buy,true
1600000436,55.16,1.0,buy,true
1600000437,54.66,1.0,buy,true
1600000438,53.51,1.0,buy,true
1600000439,55.28,1.0,buy,true
1600000440,55.84,1.0,buy,true
1600000441,53.99,1.0,buy,true
1600000442,54.39,1.0,buy,true
1600000443,55.25,1.0,buy,true
1600000444,55.41,1.0,buy,true
1600000445,57.35,1.0,buy,true
1600000446,57.9,1.0,buy,true
1600000447,57.9,1.0,buy,true
1600000448,58.04,1.0,buy,true
1600000449,56.94,1.0,buy,true
1600000450,56.85,1.0,buy,true
1600000451,57.19,1.0,buy,true
1600000452,57.82,1.0,buy,true
1600000453,58.05,1.0,buy,true
1600000454,58.01,1.0,buy,true
1600000455,56.34,1.0,buy,true
1600000456,55.22,1.0,buy,true
1600000457,56.79,1.0,buy,true
1600000458,57.35,1.0,buy,true
1600000459,58.62,1.0,buy,true
1600000460,58.29,1.0,buy,true
1600000461,58.23,1.0,buy,true
1600000462,59.72,1.0,buy,true
1600000463,57.8,1.0,buy,true
1600000464,57.16,1.0,buy,true
1600000465,55.42,1.0,buy,true
1600000466,55.32,1.0,buy,true
1600000467,57.32,1.0,buy,true
1600000468,58.96,1.0,buy,true
1600000469,57.81,1.0,buy,true
1600000470,57.31,1.0,buy,true
1600000471,57.36,1.0,buy,true
1600000472,55.38,1.0,buy,true
1600000473,55.81,1.0,buy,true
1600000474,57.57,1.0,buy,true
1600000475,56.94,1.0,buy,true
1600000476,58.55,1.0,buy,true
1600000477,58.93,1.0,buy,true
1600000478,57.96,1.0,buy,true
1600000479,59.95,1.0,buy,true
1600000480,61.17,1.0,buy,true
1600000481,60.11,1.0,buy,true
1600000482,59.17,1.0,buy,true
1600000483,57.42,1.0,buy,true
1600000484,58.56,1.0,buy,true
1600000485,60.45,1.0,buy,true
1600000486,61.05,1.0,buy,true
1600000487,61.09,1.0,buy,true
1600000488,61.88,1.0,buy,true
1600000489,62.56,1.0,buy,true
1600000490,61.46,1.0,buy,true
1600000491,62.49,1.0,buy,true
1600000492,63.25,1.0,buy,true
1600000493,62.21,1.0,buy,true
1600000494,61.66,1.0,buy,true
1600000495,60.46,1.0,buy,true
1600000496,61.78,1.0,buy,true
1600000497,63.64,1.0,buy,true
1600000498,62.75,1.0,buy,true
1600000499,63.49,1.0,buy,true
1600000500,65.44,1.0,buy,true
1600000501,63.54,1.0,buy,true
1600000502,62.59,1.0,buy,true
1600000503,60.64,1.0,buy,true
1600000504,60.74,1.0,buy,true
1600000505,60.97,1.0,buy,true
1600000506,62.95,1.0,buy,true
1600000507,64.21,1.0,buy,true
1600000508,66.14,1.0,buy,true
1600000509,67.59,1.0,buy,true
1600000510,65.71,1.0,buy,true
1600000511,67.44,1.0,buy,true
1600000512,68.86,1.0,buy,true
1600000513,69.28,1.0,buy,true
1600000514,69.78,1.0,buy,true
1600000515,68.24,1.0,buy,true
1600000516,69.5,1.0,buy,true
1600000517,68.92,1.0,buy,true
1600000518,67.55,1.0,buy,true
1600000519,69.54,1.0,buy,true
1600000520,69.76,1.0,buy,true
1600000521,70.13,1.0,buy,true
1600000522,69.71,1.0,buy,true
1600000523,71.28,1.0,buy,true
1600000524,71.22,1.0,buy,true
1600000525,73.02,1.0,buy,true
1600000526,73.32,1.0,buy,true
1600000527,72.22,1.0,buy,true
1600000528,70.27,1.0,buy,true
1600000529,69.24,1.0,buy,true
1600000530,67.66,1.0,buy,true
1600000531,68.43,1.0,buy,true
1600000532,69.24,1.0,buy,true
1600000533,70.07,1.0,buy,true
1600000534,68.89,1.0,buy,true
1600000535,69.8,1.0,buy,true
1600000536,69.36,1.0,buy,true
1600000537,68.95,1.0,buy,true
1600000538,69.94,1.0,buy,true
1600000539,70.24,1.0,buy,true
1600000540,71.5,1.0,buy,true
1600000541,70.27,1.0,buy,true
1600000542,72.14,1.0,buy,true
1600000543,73.7,1.0,buy,true
1600000544,73.31,1.0,buy,true
1600000545,74.59,1.0,buy,true
1600000546,76.09,1.0,buy,true
1600000547,76.45,1.0,buy,true
1600000548,74.64,1.0,buy,true
1600000549,75.47,1.0,buy,true
1600000550,76.24,1.0,buy,true
1600000551,76.53,1.0,buy,true
1600000552,75.82,1.0,buy,true
1600000553,76.72,1.0,buy,true
1600000554,76.58,1.0,buy,true
1600000555,74.95,1.0,buy,true
1600000556,76.34,1.0,buy,true
1600000557,76.06,1.0,buy,true
1600000558,77.67,1.0,buy,true
1600000559,79.46,1.0,buy,true
1600000560,81.28,1.0,buy,true
1600000561,81.49,1.0,buy,true
1600000562,80.56,1.0,buy,true
1600000563,80.59,1.0,buy,true
1600000564,81.55,1.0,buy,true
1600000565,82.13,1.0,buy,true
1600000566,81.09,1.0,buy,true
1600000567,80.15,1.0,buy,true
1600000568,80.13,1.0,buy,true
1600000569,78.51,1.0,buy,true
1600000570,76.93,1.0,buy,true
1600000571,78.69,1.0,buy,true
1600000572,79.22,1.0,buy,true
1600000573,79.42,1.0,buy,true
1600000574,79.35,1.0,buy,true
1600000575,79.98,1.0,buy,true
1600000576,79.92,1.0,buy,true
1600000577,78.32,1.0,buy,true
1600000578,77.52,1.0,buy,true
1600000579,75.55,1.0,buy,true
1600000580,74.67,1.0,buy,true
1600000581,74.27,1.0,buy,true
1600000582,74.36,1.0,buy,true
1600000583,75.63,1.0,buy,true
1600000584,76.07,1.0,buy,true
1600000585,75.47,1.0,buy,true
1600000586,76.07,1.0,buy,true
1600000587,75.69,1.0,buy,true
1600000588,73.78,1.0,buy,true
1600000589,73.39,1.0,buy,true
1600000590,73.09,1.0,buy,true
1600000591,71.33,1.0,buy,true
1600000592,71.34,1.0,buy,true
1600000593,72.1,1.0,buy,true
1600000594,73.15,1.0,buy,true
1600000595,74.23,1.0,buy,true
1600000596,72.7,1.0,buy,true
1600000597,73.0,1.0,buy,true
1600000598,73.36,1.0,buy,true
1600000599,74.61,1.0,buy,true
1600000600,75.71,1.0,buy,true
1600000601,76.9,1.0,buy,true
1600000602,78.72,1.0,buy,true
1600000603,77.67,1.0,buy,true
1600000604,78.22,1.0,buy,true
1600000605,80.17,1.0,buy,true
1600000606,81.51,1.0,buy,true
1600000607,82.47,1.0,buy,true
1600000608,80.91,1.0,buy,true
1600000609,79.54,1.0,buy,true
1600000610,79.97,1.0,buy,true
1600000611,78.85,1.0,buy,true
1600000612,79.84,1.0,buy,true
1600000613,80.91,1.0,buy,true
1600000614,81.62,1.0,buy,true
1600000615,83.2,1.0,buy,true
1600000616,84.16,1.0,buy,true
1600000617,84.69,1.0,buy,true
1600000618,83.2,1.0,buy,true
1600000619,83.32,1.0,buy,true
1600000620,83.56,1.0,buy,true
1600000621,85.29,1.0,buy,true
1600000622,83.57,1.0,buy,true
1600000623,83.83,1.0,buy,true
1600000624,82.49,1.0,buy,true
1600000625,82.63,1.0,buy,true
1600000626,81.99,1.0,buy,true
1600000627,80.66,1.0,buy,true
1600000628,78.83,1.0,buy,true
1600000629,77.26,1.0,buy,true
1600000630,78.96,1.0,buy,true
1600000631,80.17,1.0,buy,true
1600000632,80.8,1.0,buy,true
1600000633,82.48,1.0,buy,true
1600000634,82.67,1.0,buy,true
1600000635,81.53,1.0,buy,true
1600000636,81.4,1.0,buy,true
1600000637,79.56,1.0,buy,true
1600000638,79.03,1.0,buy,true
1600000639,80.6,1.0,buy,true
1600000640,79.78,1.0,buy,true
1600000641,79.69,1.0,buy,true
1600000642,78.25,1.0,buy,true
1600000643,76.29,1.0,buy,true
1600000644,75.58,1.0,buy,true
1600000645,75.5,1.0,buy,true
1600000646,74.12,1.0,buy,true
1600000647,72.52,1.0,buy,true
1600000648,71.66,1.0,buy,true
1600000649,73.1,1.0,buy,true
1600000650,71.56,1.0,buy,true
1600000651,72.87,1.0,buy,true
1600000652,73.48,1.0,buy,true
1600000653,75.06,1.0,buy,true
1600000654,74.93,1.0,buy,true
1600000655,75.82,1.0,buy,true
1600000656,76.95,1.0,buy,true
1600000657,77.34,1.0,buy,true
1600000658,77.61,1.0,buy,true
1600000659,78.82,1.0,buy,true
1600000660,79.67,1.0,buy,true
1600000661,81.41,1.0,buy,true
1600000662,80.32,1.0,buy,true
1600000663,79.24,1.0,buy,true
1600000664,77.66,1.0,buy,true
1600000665,78.95,1.0,buy,true
1600000666,78.02,1.0,buy,true
1600000667,76.67,1.0,buy,true
1600000668,77.24,1.0,buy,true
1600000669,79.03,1.0,buy,true
1600000670,80.63,1.0,buy,true
1600000671,79.59,1.0,buy,true
1600000672,80.27,1.0,buy,true
1600000673,80.36,1.0,buy,true
1600000674,80.83,1.0,buy,true
1600000675,80.04,1.0,buy,true
1600000676,81.63,1.0,buy,true
1600000677,82.33,1.0,buy,true
1600000678,83.31,1.0,buy,true
1600000679,82.59,1.0,buy,true
1600000680,81.23,1.0,buy,true
1600000681,79.36,1.0,buy,true
1600000682,79.41,1.0,buy,true
1600000683,78.55,1.0,buy,true
1600000684,76.79,1.0,buy,true
1600000685,77.79,1.0,buy,true
1600000686,77.85,1.0,buy,true
1600000687,76.84,1.0,buy,true
1600000688,76.02,1.0,buy,true
1600000689,74.61,1.0,buy,true
1600000690,74.45,1.0,buy,true
1600000691,74.51,1.0,buy,true
1600000692,73.65,1.0,buy,true
1600000693,74.31,1.0,buy,true
1600000694,72.65,1.0,buy,true
1600000695,72.19,1.0,buy,true
1600000696,73.34,1.0,buy,true
1600000697,71.84,1.0,buy,true
1600000698,70.46,1.0,buy,true
1600000699,71.08,1.0,buy,true
1600000700,69.59,1.0,buy,true
1600000701,70.76,1.0,buy,true
1600000702,69.22,1.0,buy,true
1600000703,70.0,1.0,buy,true
1600000704,68.77,1.0,buy,true
1600000705,68.52,1.0,buy,true
1600000706,67.28,1.0,buy,true
1600000707,65.94,1.0,buy,true
1600000708,63.98,1.0,buy,true
1600000709,64.38,1.0,buy,true
1600000710,62.76,1.0,buy,true
1600000711,61.68,1.0,buy,true
1600000712,62.05,1.0,buy,true
1600000713,61.99,1.0,buy,true
1600000714,62.14,1.0,buy,true
1600000715,61.22,1.0,buy,true
1600000716,59.53,1.0,buy,true
1600000717,61.39,1.0,buy,true
1600000718,62.83,1.0,buy,true
1600000719,61.2,1.0,buy,true
1600000720,62.13,1.0,buy,true
1600000721,60.38,1.0,buy,true
1600000722,59.46,1.0,buy,true
1600000723,59.38,1.0,buy,true
1600000724,59.06,1.0,buy,true
1600000725,60.64,1.0,buy,true
1600000726,62.45,1.0,buy,true
1600000727,61.82,1.0,buy,true
1600000728,62.74,1.0,buy,true
1600000729,64.03,1.0,buy,true
1600000730,62.69,1.0,buy,true
1600000731,63.04,1.0,buy,true
1600000732,62.24,1.0,buy,true
1600000733,62.15,1.0,buy,true
1600000734,60.66,1.0,buy,true
1600000735,59.55,1.0,buy,true
1600000736,61.35,1.0,buy,true
1600000737,61.45,1.0,buy,true
1600000738,60.34,1.0,buy,true
1600000739,62.05,1.0,buy,true
1600000740,61.2,1.0,buy,true
1600000741,61.89,1.0,buy,true
1600000742,62.16,1.0,buy,true
1600000743,60.2,1.0,buy,true
1600000744,60.57,1.0,buy,true
1600000745,60.4,1.0,buy,true
1600000746,61.29,1.0,buy,true
1600000747,62.55,1.0,buy,true
1600000748,61.69,1.0,buy,true
1600000749,62.24,1.0,buy,true
1600000750,60.42,1.0,buy,true
1600000751,61.59,1.0,buy,true
1600000752,59.92,1.0,buy,true
1600000753,59.78,1.0,buy,true
1600000754,59.74,1.0,buy,true
1600000755,58.2,1.0,buy,true
1600000756,59.01,1.0,buy,true
1600000757,59.25,1.0,buy,true
1600000758,60.4,1.0,buy,true
1600000759,60.89,1.0,buy,true
1600000760,61.01,1.0,buy,true
1600000761,62.66,1.0,buy,true
1600000762,61.45,1.0,buy,true
1600000763,59.82,1.0,buy,true
1600000764,58.26,1.0,buy,true
1600000765,56.36,1.0,buy,true
1600000766,56.84,1.0,buy,true
1600000767,58.33,1.0,buy,true
1600000768,59.76,1.0,buy,true
1600000769,58.72,1.0,buy,true
1600000770,58.7,1.0,buy,true
1600000771,60.43,1.0,buy,true
1600000772,60.16,1.0,buy,true
1600000773,61.86,1.0,buy,true
1600000774,61.82,1.0,buy,true
1600000775,63.13,1.0,buy,true
1600000776,62.44,1.0,buy,true
1600000777,61.49,1.0,buy,true
1600000778,60.04,1.0,buy,true
1600000779,58.61,1.0,buy,true
1600000780,59.4,1.0,buy,true
1600000781,60.85,1.0,buy,true
1600000782,62.55,1.0,buy,true
1600000783,63.71,1.0,buy,true
1600000784,63.33,1.0,buy,true
1600000785,64.09,1.0,buy,true
1600000786,63.97,1.0,buy,true
1600000787,65.48,1.0,buy,true
1600000788,65.84,1.0,buy,true
1600000789,65.01,1.0,buy,true
1600000790,63.38,1.0,buy,true
1600000791,61.98,1.0,buy,true
1600000792,60.23,1.0,buy,true
1600000793,58.98,1.0,buy,true
1600000794,58.8,1.0,buy,true
1600000795,59.52,1.0,buy,true
1600000796,58.6,1.0,buy,true
1600000797,56.8,1.0,buy,true
1600000798,55.17,1.0,buy,true
1600000799,56.53,1.0,buy,true
1600000800,56.43,1.0,buy,true
1600000801,57.39,1.0,buy,true
1600000802,56.04,1.0,buy,true
1600000803,56.69,1.0,buy,true
1600000804,55.62,1.0,buy,true
1600000805,54.21,1.0,buy,true
1600000806,56.03,1.0,buy,true
1600000807,56.67,1.0,buy,true
1600000808,56.89,1.0,buy,true
1600000809,55.56,1.0,buy,true
1600000810,55.29,1.0,buy,true
1600000811,54.41,1.0,buy,true
1600000812,54.27,1.0,buy,true
1600000813,54.7,1.0,buy,true
1600000814,53.78,1.0,buy,true
1600000815,52.62,1.0,buy,true
1600000816,52.88,1.0,buy,true
1600000817,53.6,1.0,buy,true
1600000818,53.61,1.0,buy,true
1600000819,54.22,1.0,buy,true
1600000820,54.1,1.0,buy,true
1600000821,54.61,1.0,buy,true
1600000822,54.56,1.0,buy,true
1600000823,55.33,1.0,buy,true
1600000824,56.29,1.0,buy,true
1600000825,55.77,1.0,buy,true
1600000826,56.03,1.0,buy,true
1600000827,55.06,1.0,buy,true
1600000828,54.92,1.0,buy,true
1600000829,55.14,1.0,buy,true
1600000830,55.23,1.0,buy,true
1600000831,55.17,1.0,buy,true
1600000832,57.04,1.0,buy,true
1600000833,56.96,1.0,buy,true
1600000834,55.22,1.0,buy,true
1600000835,55.67,1.0,buy,true
1600000836,56.27,1.0,buy,true
1600000837,57.12,1.0,buy,true
1600000838,56.52,1.0,buy,true
1600000839,56.55,1.0,buy,true
1600000840,56.76,1.0,buy,true
1600000841,58.22,1.0,buy,true
1600000842,58.52,1.0,buy,true
1600000843,58.13,1.0,buy,true
1600000844,57.86,1.0,buy,true
1600000845,56.9,1.0,buy,true
1600000846,56.19,1.0,buy,true
1600000847,57.49,1.0,buy,true
1600000848,58.11,1.0,buy,true
1600000849,59.69,1.0,buy,true
1600000850,59.07,1.0,buy,true
1600000851,60.6,1.0,buy,true
1600000852,60.39,1.0,buy,true
1600000853,59.41,1.0,buy,true
1600000854,57.69,1.0,buy,true
1600000855,57.1,1.0,buy,true
1600000856,56.3,1.0,buy,true
1600000857,54.35,1.0,buy,true
1600000858,54.15,1.0,buy,true
1600000859,54.5,1.0,buy,true
1600000860,54.51,1.0,buy,true
1600000861,52.57,1.0,buy,true
1600000862,54.53,1.0,buy,true
1600000863,53.52,1.0,buy,true
1600000864,52.41,1.0,buy,true
1600000865,54.26,1.0,buy,true
1600000866,54.69,1.0,buy,true
1600000867,54.87,1.0,buy,true
1600000868,55.79,1.0,buy,true
1600000869,54.95,1.0,buy,true
1600000870,55.02,1.0,buy,true
1600000871,56.12,1.0,buy,true
1600000872,55.53,1.0,buy,true
1600000873,56.74,1.0,buy,true
1600000874,57.19,1.0,buy,true
1600000875,57.24,1.0,buy,true
1600000876,58.26,1.0,buy,true
1600000877,59.48,1.0,buy,true
1600000878,59.95,1.0,buy,true
1600000879,61.03,1.0,buy,true
1600000880,59.34,1.0,buy,true
1600000881,60.46,1.0,buy,true
1600000882,58.66,1.0,buy,true
1600000883,59.59,1.0,buy,true
1600000884,57.63,1.0,buy,true
1600000885,56.88,1.0,buy,true
1600000886,58.05,1.0,buy,true
1600000887,57.48,1.0,buy,true
1600000888,59.44,1.0,buy,true
1600000889,60.99,1.0,buy,true
1600000890,62.15,1.0,buy,true
1600000891,63.74,1.0,buy,true
1600000892,62.59,1.0,buy,true
1600000893,62.47,1.0,buy,true
1600000894,64.05,1.0,buy,true
1600000895,62.37,1.0,buy,true
1600000896,61.65,1.0,buy,true
1600000897,61.41,1.0,buy,true
1600000898,62.68,1.0,buy,true
1600000899,61.8,1.0,buy,true
1600000900,63.2,1.0,buy,true
1600000901,63.28,1.0,buy,true
1600000902,61.51,1.0,buy,true
1600000903,62.76,1.0,buy,true
1600000904,61.76,1.0,buy,true
1600000905,61.67,1.0,buy,true
1600000906,63.38,1.0,buy,true
1600000907,63.23,1.0,buy,true
1600000908,62.15,1.0,buy,true
1600000909,62.88,1.0,buy,true
1600000910,63.59,1.0,buy,true
1600000911,61.67,1.0,buy,true
1600000912,59.99,1.0,buy,true
1600000913,60.04,1.0,buy,true
1600000914,61.49,1.0,buy,true
1600000915,62.58,1.0,buy,true
1600000916,64.16,1.0,buy,true
1600000917,65.0,1.0,buy,true
1600000918,63.38,1.0,buy,true
1600000919,64.51,1.0,buy,true
1600000920,64.62,1.0,buy,true
1600000921,62.78,1.0,buy,true
1600000922,64.26,1.0,buy,true
1600000923,64.5,1.0,buy,true
1600000924,65.4,1.0,buy,true
1600000925,66.52,1.0,buy,true
1600000926,65.08,1.0,buy,true
1600000927,66.76,1.0,buy,true
1600000928,67.66,1.0,buy,true
1600000929,68.84,1.0,buy,true
1600000930,68.1,1.0,buy,true
1600000931,66.41,1.0,buy,true
1600000932,67.74,1.0,buy,true
1600000933,67.0,1.0,buy,true
1600000934,67.13,1.0,buy,true
1600000935,66.65,1.0,buy,true
1600000936,67.03,1.0,buy,true
1600000937,66.33,1.0,buy,true
1600000938,66.46,1.0,buy,true
1600000939,68.01,1.0,buy,true
1600000940,67.03,1.0,buy,true
1600000941,66.01,1.0,buy,true
1600000942,67.28,1.0,buy,true
1600000943,66.75,1.0,buy,true
1600000944,65.45,1.0,buy,true
1600000945,65.61,1.0,buy,true
1600000946,65.89,1.0,buy,true
1600000947,65.29,1.0,buy,true
1600000948,63.62,1.0,buy,true
1600000949,64.87,1.0,buy,true
1600000950,64.88,1.0,buy,true
1600000951,64.33,1.0,buy,true
1600000952,65.0,1.0,buy,true
1600000953,64.8,1.0,buy,true
1600000954,64.6,1.0,buy,true
1600000955,63.71,1.0,buy,true
1600000956,63.48,1.0,buy,true
1600000957,62.74,1.0,buy,true
1600000958,62.04,1.0,buy,true
1600000959,63.25,1.0,buy,true
1600000960,61.82,1.0,buy,true
1600000961,60.91,1.0,buy,true
1600000962,61.9,1.0,buy,true
1600000963,61.13,1.0,buy,true
1600000964,59.51,1.0,buy,true
1600000965,60.67,1.0,buy,true
1600000966,58.81,1.0,buy,true
1600000967,58.12,1.0,buy,true
1600000968,58.15,1.0,buy,true
1600000969,59.5,1.0,buy,true
1600000970,59.35,1.0,buy,true
1600000971,58.76,1.0,buy,true
1600000972,57.84,1.0,buy,true
1600000973,56.75,1.0,buy,true
1600000974,58.22,1.0,buy,true
1600000975,56.37,1.0,buy,true
1600000976,55.14,1.0,buy,true
1600000977,54.62,1.0,buy,true
1600000978,55.54,1.0,buy,true
1600000979,56.3,1.0,buy,true
1600000980,57.35,1.0,buy,true
1600000981,58.15,1.0,buy,true
1600000982,59.08,1.0,buy,true
1600000983,57.33,1.0,buy,true
1600000984,57.82,1.0,buy,true
1600000985,56.94,1.0,buy,true
1600000986,56.68,1.0,buy,true
1600000987,56.69,1.0,buy,true
1600000988,57.16,1.0,buy,true
1600000989,56.01,1.0,buy,true
1600000990,54.86,1.0,buy,true
1600000991,53.37,1.0,buy,true
1600000992,51.71,1.0,buy,true
1600000993,51.59,1.0,buy,true
1600000994,50.85,1.0,buy,true
1600000995,51.44,1.0,buy,true
1600000996,52.7,1.0,buy,true
1600000997,53.82,1.0,buy,true
1600000998,52.17,1.0,buy,true
1600000999,53.6,1.0,buy,true
1600001000,52.13,1.0,buy,true
